<?xml version="1.0" encoding="UTF-8"?><record xmlns="http://www.loc.gov/MARC21/slim" xmlns:cinclude="http://apache.org/cocoon/include/1.0" xmlns:zs="http://www.loc.gov/zing/srw/">
  <leader>00514nz  a2200133n  4500</leader>
  <controlfield tag="001">n  97024701 </controlfield>
  <controlfield tag="003">DLC</controlfield>
  <controlfield tag="005">19970310095556.3</controlfield>
  <controlfield tag="008">970310n| acannaab|          |a aaa |||  </controlfield>
  <datafield tag="010" ind1=" " ind2=" ">
    <subfield code="a">n  97024701 </subfield>
  </datafield>
  <datafield tag="040" ind1=" " ind2=" ">
    <subfield code="a">DLC</subfield>
    <subfield code="c">DLC</subfield>
  </datafield>
  <datafield tag="100" ind1="1" ind2="0">
    <subfield code="a">Newcombe, Charles P.</subfield>
  </datafield>
  <datafield tag="400" ind1="1" ind2="0">
    <subfield code="a">Newcombe, C. P.</subfield>
    <subfield code="q">(Charles P.)</subfield>
  </datafield>
  <datafield tag="670" ind1=" " ind2=" ">
    <subfield code="a">Channel suspended sediment and fisheries, 1996:</subfield>
    <subfield code="b">t.p. (Charles P. Newcombe; Habitat Protection Branch, Ministry of Environment, Lands and Parks, Victoria, British Columbia, Canada) text (CAN CIP: Newcombe, C.P.)</subfield>
  </datafield>
</record>